%% This BibTeX bibliography file was created using BibDesk.
%% https://bibdesk.sourceforge.io/

%% Created for M.Danial Syed at 2023-03-10 20:34:12 +0500 


%% Saved with string encoding Unicode (UTF-8) 


@unpublished{GaudeckerEconProjectTemplates,
	author = {Hans-Martin von Gaudecker},
	note = {\url{https://doi.org/10.5281/zenodo.2533241}},
	title = {Templates for Reproducible Research Projects in Economics},
	year = {2019}}

@article{jean2016combining,
  title={Combining satellite imagery and machine learning to predict poverty},
  author={Jean, Neal and Burke, Marshall and Xie, Michael and Davis, W Matthew and Lobell, David B and Ermon, Stefano},
  journal={Science},
  volume={353},
  number={6301},
  pages={790--794},
  year={2016},
  publisher={American Association for the Advancement of Science}
}

@article{khachiyan2022using,
  title={Using Neural Networks to Predict Microspatial Economic Growth},
  author={Khachiyan, Arman and Thomas, Anthony and Zhou, Huye and Hanson, Gordon and Cloninger, Alex and Rosing, Tajana and Khandelwal, Amit K},
  journal={American Economic Review: Insights},
  volume={4},
  number={4},
  pages={491--506},
  year={2022}
}

@article{donaldson2016view,
  title={The view from above: Applications of satellite data in economics},
  author={Donaldson, Dave and Storeygard, Adam},
  journal={Journal of Economic Perspectives},
  volume={30},
  number={4},
  pages={171--198},
  year={2016},
  publisher={American Economic Association 2014 Broadway, Suite 305, Nashville, TN 37203-2418}
  }
  
  @article{fosu2009inequality,
  title={Inequality and the impact of growth on poverty: comparative evidence for sub-Saharan Africa},
  author={Fosu, Augustin Kwasi},
  journal={The Journal of Development Studies},
  volume={45},
  number={5},
  pages={726--745},
  year={2009},
  publisher={Taylor \& Francis}
}

@article{simonyan2014very,
  title={Very deep convolutional networks for large-scale image recognition},
  author={Simonyan, Karen and Zisserman, Andrew},
  journal={arXiv preprint arXiv:1409.1556},
  year={2014}
}

@online{pytut,
  author = {Nathan Inkawhich},
  title = {{Finetuning Torchvision Models} Kernel Description},
  year = 2022,
  url = {https://pytorch.org/tutorials/beginner/finetuning_torchvision_models_tutorial.html}
}

@Unpublished{Raabe2020,
    Title  = {A Python tool for managing scientific workflows.},
    Author = {Tobias Raabe},
    Year   = {2020},
    Url    = {https://github.com/pytask-dev/pytask}
}
  
